%% PPGCC - CCN - UFPI

%% This BibTeX bibliography file was created using BibDesk.
%% http://bibdesk.sourceforge.net/
%% Exemplo de arquivo .bib a ser utilizado para gerar a Biliografia

%% Quando for no Google Scholar, clique em bibtex na citação e copie o código pra colar aqui

@article{schultz1996medical,
  title={A medical disaster response to reduce immediate mortality after an earthquake},
  author={Schultz, Carl H and Koenig, Kristi L and Noji, Eric K},
  journal={New England Journal of Medicine},
  volume={334},
  number={7},
  pages={438--444},
  year={1996},
  publisher={Mass Medical Soc}
}

@book{nenchev2018humanoid,
  title={Humanoid robots: Modeling and control},
  author={Nenchev, Dragomir N and Konno, Atsushi and Tsujita, Teppei},
  year={2018},
  publisher={Butterworth-Heinemann}
}

@misc{sonyHFR,
 title   ={Digital Still Camera - Instruction Manual},
 url     ={https://www.sony.com/electronics/support/res/manuals/4593/45937971M.pdf},
 urlaccessdate={25 mar. 2020}
}

@article{Chen2017numerical,
  title={Numerical Models of Blunt Dissection and Brain Retraction for Neurosurgery Simulations},
  author={Xiaoshuai Chen},
  year={2017}
}

@article{liu1995formulation,
  title={Formulation of Rayleigh damping and its extensions},
  author={Liu, Man and Gorman, Dadiv G},
  journal={Computers \& structures},
  volume={57},
  number={2},
  pages={277--285},
  year={1995},
  publisher={Elsevier}
}

@article{ge2018impact,
  title={Impact damping ratio of a nonlinear viscoelastic foam},
  author={Ge, Changfeng and Rice, Brian},
  journal={Polymer Testing},
  volume={72},
  pages={187--195},
  year={2018},
  publisher={Elsevier}
}

@article{durkin1992improving,
  title={Improving measures to reduce earthquake casualties},
  author={Durkin, Michael E and Thiel, Charles C},
  journal={Earthquake Spectra},
  volume={8},
  number={1},
  pages={95--113},
  year={1992},
  publisher={SAGE Publications Sage UK: London, England}
}

@misc{haiti2010,
 title   ={Haiti Earthquake Facts, Its Damage, and Effects on the Economy},
 url     ={https://www.thebalance.com/haiti-earthquake-facts-damage-effects-on-economy-3305660},
 urlaccessdate={16 mar. 2020}
}

@misc{tohoku2011,
 title   ={Japan Earthquake & Tsunami of 2011: Facts and Information},
 url     ={https://www.livescience.com/39110-japan-2011-earthquake-tsunami-facts.html},
 urlaccessdate={16 mar. 2020}
}

@misc{hagibis2019,
 title   ={TYPHOON HAGIBIS: JAPAN'S COSTLIEST TYPHOON?},
 url     ={https://www.jbarisk.com/flood-services/event-response/typhoon-hagibis/},
 urlaccessdate={16 mar. 2020}
}

@techreport{benson1997economic,
  title={The economic impact of natural disasters in Fiji},
  author={Benson, Charlotte},
  year={1997},
  institution={Overseas Development Institute (ODI)}
}

@misc{naturaldisasters,
 title   ={Natural Hazards and Natural Disasters},
 url     ={https://www.tulane.edu/~sanelson/Natural_Disasters/introduction.htm},
 urlaccessdate={16 mar. 2020}
}

@misc{simscape,
 title   ={Simscape Multibody},
 url     ={https://www.mathworks.com/products/simmechanics.html},
 urlaccessdate={15 Abr. 2020}
}


@article{kagan1997earthquakes,
  title={Are earthquakes predictable?},
  author={Kagan, Yan Y},
  journal={Geophysical Journal International},
  volume={131},
  number={3},
  pages={505--525},
  year={1997},
  publisher={Blackwell Publishing Ltd Oxford, UK}
}

@book{office1995reducing,
  title={Reducing earthquake losses},
  author={Office of technology assessment washington dc},
  year={1995},
  publisher={DIANE Publishing}
}

@book{kamphuis2010introduction,
  title={Introduction to coastal engineering and management},
  author={Kamphuis, J William},
  volume={30},
  year={2010},
  publisher={World Scientific}
}

@inproceedings{nagase2000earthquake,
  title={Earthquake records observed in tall buildings with tuned pendulum mass damper},
  author={Nagase, Tadashi},
  booktitle={Proceedings from the 12th world conference on earthquake engineering, Auckland, New Zealand},
  year={2000}
}
@misc{atlas,
 title   ={ATLAS®},
 url     ={https://www.bostondynamics.com/atlas},
 urlaccessdate={17 mar. 2020}
}

@inproceedings{tsujita2017drop,
  title={Drop test for evaluating effect of cushioning material and servo gain on parachute landing impact using a small one-legged robot},
  author={Tsujita, Teppei and Kitahara, Tadamasa and Tahara, Ryoya and Abiko, Satoko and Konno, Atsushi},
  booktitle={2017 IEEE International Conference on Robotics and Biomimetics (ROBIO)},
  pages={2474--2479},
  year={2017},
  organization={IEEE}
}

@inproceedings{tsujita2017analysis,
  title={Analysis of drop test using a one-legged robot toward parachute landing by a humanoid robot},
  author={Tsujita, Teppei and Altangerel, Odpurev and Abiko, Satoko and Konno, Atsushi},
  booktitle={2017 IEEE International Conference on Robotics and Biomimetics (ROBIO)},
  pages={221--226},
  year={2017},
  organization={IEEE}
}

@book{hughes2012finite,
  title={The finite element method: linear static and dynamic finite element analysis},
  author={Hughes, Thomas JR},
  year={2012},
  publisher={Courier Corporation}
}

@article{whitting2007parachute,
  title={Parachute landing fall characteristics at three realistic vertical descent velocities},
  author={Whitting, John W and Steele, Julie R and Jaffrey, Mark A and Munro, Bridget J},
  journal={Aviation, space, and environmental medicine},
  volume={78},
  number={12},
  pages={1135--1142},
  year={2007},
  publisher={Aerospace Medical Association}
}

@book{bathe2006finite,
  title={Finite element procedures},
  author={Bathe, Klaus-J{\"u}rgen},
  year={2006},
  publisher={Klaus-Jurgen Bathe}
}

@article{felippa2004introduction,
  title={Introduction to finite element methods},
  author={Felippa, Carlos A},
  journal={University of Colorado},
  year={2004}
}

@article{felippa2003advanced,
  title={Advanced finite element methods},
  author={Felippa, Carlos A},
  journal={Course notes, available online at http://www. colorado. edu/engineering/CAS/courses. d/AFEM. d/Home. html},
  year={2003}
}

@article{nagatani2013emergency,
  title={Emergency response to the nuclear accident at the Fukushima Daiichi Nuclear Power Plants using mobile rescue robots},
  author={Nagatani, Keiji and Kiribayashi, Seiga and Okada, Yoshito and Otake, Kazuki and Yoshida, Kazuya and Tadokoro, Satoshi and Nishimura, Takeshi and Yoshida, Tomoaki and Koyanagi, Eiji and Fukushima, Mineo and others},
  journal={Journal of Field Robotics},
  volume={30},
  number={1},
  pages={44--63},
  year={2013},
  publisher={Wiley Online Library}
}

@misc{colossus2019,
 title   ={Firefighters had a secret weapon when Notre Dame caught fire: A robot named ‘Colossus’},
 url     ={https://www.washingtonpost.com/technology/2019/04/17/firefighters-had-secret-weapon-when-notre-dame-caught-fire-robot-named-colossus/},
 urlaccessdate={17 mar. 2020}
}

@article{takewaki2011smart,
  title={Smart passive damper control for greater building earthquake resilience in sustainable cities},
  author={Takewaki, I and Fujita, K and Yamamoto, K and Takabatake, H},
  journal={Sustainable Cities and Society},
  volume={1},
  number={1},
  pages={3--15},
  year={2011},
  publisher={Elsevier}
}

@article{murphy2004trial,
  title={Trial by fire [rescue robots]},
  author={Murphy, Robin R},
  journal={IEEE Robotics \& Automation Magazine},
  volume={11},
  number={3},
  pages={50--61},
  year={2004},
  publisher={IEEE}
}

@misc{selbig2018evaluating,
  title={Evaluating the potential benefits of permeable pavement on the quantity and quality of stormwater runoff},
  author={Selbig, W},
  year={2018},
  publisher={Retrieved from USGS: Winsconsin Water Science Center: https://www. usgs. gov~…}
}

